@book{numpy, 
  title={A guide to NumPy}, 
  author={Oliphant, Travis E}, 
  volume={1}, 
  year={2006}, 
  publisher={Trelgol Publishing USA} 
}

@misc{Hogberget,
year = {2013},
title = {Quantum Monte-Carlo Studies of Generalized Many-body Systems},
language = {eng},
author = {Høgberget, Jørgen},
}



@book{MLMurphy,
series = {Adaptive computation and machine learning},
publisher = {MIT Press},
isbn = {0262018020},
year = {2012},
title = {Machine learning : a probabilistic perspective},
language = {eng},
address = {Cambridge},
author = {Murphy, Kevin P.},
keywords = {Maskinlæring; maskinlæring; statistikk; sannsynlighet; Maskinlæring},
}

@misc{Griffiths95,
publisher = {Prentice Hall},
isbn = {0131244051},
year = {1995},
title = {Introduction to quantum mechanics},
language = {eng},
address = {Upper Saddle River, N.J},
author = {Griffiths, David J},
keywords = {Quantum theory; Kvanteteori; Kvantemekanikk; Kvanteteori; kvantemekanikk; kvanteteori; lærebøker},
}

@misc{CMP,
series = {Lecture Notes in Physics},
volume = {739},
publisher = {Springer Berlin Heidelberg : Imprint: Springer},
isbn = {3-540-74686-2},
year = {2008},
title = {Computational Many-Particle Physics},
author={H. Fehske, R. Schneider, A. Weisse},
edition = {1st ed. 2008.},
language = {eng},
address = {Berlin, Heidelberg},
keywords = {Nuclear physics; Theoretical, Mathematical and Computational Physics; Nuclear Physics, Heavy Ions, Hadrons},
}

@misc{flyvebjerg,
issn = {0021-9606},
journal = {The Journal of Chemical Physics},
pages = {461--466},
volume = {91},
publisher = {American Institute of Physics},
number = {1},
year = {1989},
title = {Error estimates on averages of correlated data},
language = {eng},
author = {Flyvbjerg, H. and Petersen, H. G.},
}

@misc{Jonsson,
publisher = {American Physical Society},
year = {2018},
title = {Standard error estimation by an automated blocking method},
author = {Jonsson, Marius},
}

@article{VMCHJ,
issn = {1050-2947},
journal = {Physical Review A},
publisher = {The American Physical Society},
year = {2005},
title = {Vortices in atomic Bose-Einstein condensates in the large-gas-parameter region},
language = {eng},
author = {Nilsen, J. K. and Mur Petit, Jordi and Guilleumas, Montserrat and Hjorth - Jensen, M. and Polls Martí, Artur},
keywords = {Condensació De Bose-Einstein ; Equacions En Derivades Parcials ; Mètode De Montecarlo ; Bose-Einstein Condensation ; Partial Differential Equations ; Monte Carlo Method},
}

@article{VMCdubois,
issn = {1050-2947},
journal = {Physical Review A},
volume = {63},
number = {2},
year = {2001},
title = {Bose-Einstein condensation in trapped bosons: A variational Monte Carlo analysis},
language = {eng},
author = {Dubois, J. L. and Glyde, H. R.},
keywords = {Condensed Matter ; Condensed Matter - Other Condensed Matter ; Condensed Matter - Quantum Gases;},
}

